@article{Baron1986,
author = {Baron, Reuben M. and Kenny, David A.},
doi = {10.1037//0022-3514.51.6.1173},
issn = {0022-3514},
journal = {Journal of Personality and Social Psychology},
number = {6},
pages = {1173--1182},
title = {{The moderator-mediator variable distinction in social psychological research: Conceptual, strategic, and statistical considerations.}},
url = {http://doi.apa.org/getdoi.cfm?doi=10.1037/0022-3514.51.6.1173},
volume = {51},
year = {1986}
}
