
@article{rantanen2012,
	title = {The number of feedbacks needed for reliable evaluation. A multilevel analysis of the reliability, stability and generalisability of students{\textquoteright} evaluation of teaching},
	author = {Rantanen, Pekka},
	year = {2012},
	month = {03},
	date = {2012-03-23},
	journal = {Assessment & Evaluation in Higher Education},
	pages = {224--239},
	volume = {38},
	number = {2},
	doi = {10.1080/02602938.2011.625471},
	url = {http://dx.doi.org/10.1080/02602938.2011.625471},
	langid = {en}
}

@article{pinheiro2017,
	title = {nlme: Linear and nonlinear mixed effects models},
	author = {Pinheiro, J and Bates, Douglas and Debroy, S and Sarkar, D and Team, R Core},
	year = {2017},
	date = {2017},
	url = {https://cran.r-project.org/package=nlme}
}

@article{gelman2006,
	title = {Multilevel (Hierarchical) Modeling: What It Can and Cannot Do},
	author = {Gelman, Andrew},
	year = {2006},
	month = {08},
	date = {2006-08-01},
	journal = {Technometrics},
	pages = {432--435},
	volume = {48},
	number = {3},
	doi = {10.1198/004017005000000661},
	url = {https://doi.org/10.1198/004017005000000661},
	note = {Publisher: Taylor & Francis
{\_}eprint: https://doi.org/10.1198/004017005000000661}
}

@book{tabachnick2019,
	title = {Using multivariate statistics},
	author = {Tabachnick, Barbara G. and Fidell, Linda S. and Ullman, Jodie B.},
	year = {2019},
	date = {2019},
	publisher = {Pearson},
	edition = {Seventh edition},
	address = {NY, NY}
}

@book{aust2022,
	title = {papaja: Prepare American Psychological Association Journal Articles with R Markdown},
	author = {Aust, Frederik and Barth, Marius and Diedenhofen, Birk and Stahl, Christoph and Casillas, Joseph V. and Siegel, Rudolf},
	year = {2022},
	month = {07},
	date = {2022-07-05},
	url = {https://CRAN.R-project.org/package=papaja}
}

@book{lüdecke(strengejacke)2023,
	title = {parameters: Processing of Model Parameters},
	author = {{Lüdecke      (@strengejacke)}, Daniel and {Makowski
     
    (@Dom{\_}Makowski)}, Dominique and Ben-Shachar, Mattan S. and {Patil 
     (@patilindrajeets)}, Indrajeet and {Højsgaard}, {Søren} and {Wiernik
     
    (@bmwiernik)}, Brenton M. and Lau, Zen J. and {Arel-Bundock
     
    (@vincentab)}, Vincent and {Girard 
     (@jeffreymgirard)}, Jeffrey and Maimone, Christina and {Ohlsen  (@Niels{\_}Bremen)}, Niels and {Morrison
     
    (@demstats1)}, Douglas Ezra and Luchman, Joseph},
	year = {2023},
	month = {01},
	date = {2023-01-27},
	url = {https://CRAN.R-project.org/package=parameters}
}

@book{lüdecke2023,
	title = {parameters: Processing of Model Parameters},
	author = {{Lüdecke}, Daniel and Makowski, Dominique and Ben-Shachar, Mattan S. and Patil, Indrajeet and {Højsgaard}, {Søren} and Wiernik, Brenton M. and Lau, Zen J. and Arel-Bundock, Vincent and Girard, Jeffrey and Maimone, Christina and Ohlsen, Niels and Morrison, Douglas Ezra and Luchman, Joseph},
	year = {2023},
	month = {01},
	date = {2023-01-27},
	url = {https://CRAN.R-project.org/package=parameters}
}

@article{weaver2014,
	title = {An SPSS Macro to Compute Confidence Intervals for Pearson{\textquoteright}s Correlation},
	author = {Weaver, Bruce and Koopman, Ray},
	year = {2014},
	month = {04},
	date = {2014-04-01},
	journal = {The Quantitative Methods for Psychology},
	pages = {29--39},
	volume = {10},
	number = {1},
	doi = {10.20982/tqmp.10.1.p029},
	url = {http://www.tqmp.org/RegularArticles/vol10-1/p029}
}

@book{cohen2003,
	title = {Applied Multiple Regression / Correlation Analysis for the Behavioral Sciences},
	author = {Cohen, Jacob and Cohen, Patricia and West, Stephen G. and Aiken, Leona},
	year = {2003},
	date = {2003},
	publisher = {Lawrence Erlbaum Associates},
	edition = {3rd},
	note = {ISSN: 00943061
PMID: 3080450}
}
