
@book{aust2022,
	title = {papaja: Prepare American Psychological Association Journal Articles with R Markdown},
	author = {Aust, Frederik and Barth, Marius and Diedenhofen, Birk and Stahl, Christoph and Casillas, Joseph V. and Siegel, Rudolf},
	year = {2022},
	month = {07},
	date = {2022-07-05},
	url = {https://CRAN.R-project.org/package=papaja}
}
