@Manual{R-base,
  title = {R: A Language and Environment for Statistical Computing},
  author = {{R Core Team}},
  organization = {R Foundation for Statistical Computing},
  address = {Vienna, Austria},
  year = {2022},
  url = {https://www.R-project.org/},
}
@Manual{R-papaja,
  title = {{papaja}: {Prepare} reproducible {APA} journal articles with {R Markdown}},
  author = {Frederik Aust and Marius Barth},
  year = {2020},
  note = {R package version 0.1.0.9999},
  url = {https://github.com/crsh/papaja},
}
@Manual{R-tinylabels,
  title = {{tinylabels}: Lightweight Variable Labels},
  author = {Marius Barth},
  year = {2022},
  note = {R package version 0.2.3},
  url = {https://cran.r-project.org/package=tinylabels},
}
@Manual{R-dplyr,
  title = {dplyr: A Grammar of Data Manipulation},
  author = {Hadley Wickham and Romain François and Lionel Henry and Kirill Müller},
  year = {2022},
  note = {R package version 1.0.10},
  url = {https://CRAN.R-project.org/package=dplyr},
}
@Manual{R-openssl,
  title = {openssl: Toolkit for Encryption, Signatures and Certificates Based on
OpenSSL},
  author = {Jeroen Ooms},
  year = {2022},
  note = {R package version 2.0.5},
  url = {https://CRAN.R-project.org/package=openssl},
}
@Manual{R-rio,
  title = {rio: A Swiss-army knife for data file I/O},
  author = {Chung-hong Chan and Geoffrey CH Chan and Thomas J. Leeper and Jason Becker},
  year = {2021},
  note = {R package version 0.5.29},
}
@Article{R-effectsize,
  title = {{e}ffectsize: Estimation of Effect Size Indices and Standardized Parameters},
  author = {Mattan S. Ben-Shachar and Daniel Lüdecke and Dominique Makowski},
  year = {2020},
  journal = {Journal of Open Source Software},
  volume = {5},
  number = {56},
  pages = {2815},
  publisher = {The Open Journal},
  doi = {10.21105/joss.02815},
  url = {https://doi.org/10.21105/joss.02815},
}
@Book{R-nlme,
  title = {Mixed-Effects Models in S and S-PLUS},
  author = {José C. Pinheiro and Douglas M. Bates},
  year = {2000},
  publisher = {Springer},
  address = {New York},
  doi = {10.1007/b98882},
}
@Manual{R-sjstats,
  title = {sjstats: Statistical Functions for Regression Models (Version 0.18.1)},
  author = {Daniel Lüdecke},
  year = {2021},
  url = {https://CRAN.R-project.org/package=sjstats},
  doi = {10.5281/zenodo.1284472},
}
@Book{R-ggplot2,
  author = {Hadley Wickham},
  title = {ggplot2: Elegant Graphics for Data Analysis},
  publisher = {Springer-Verlag New York},
  year = {2016},
  isbn = {978-3-319-24277-4},
  url = {https://ggplot2.tidyverse.org},
}
@Article{R-countrycode,
  title = {countrycode: An R package to convert country names and country codes},
  author = {Vincent Arel-Bundock and Nils Enevoldsen and CJ Yetman},
  journal = {Journal of Open Source Software},
  year = {2018},
  volume = {3},
  number = {28},
  pages = {848},
  url = {https://doi.org/10.21105/joss.00848},
}
@Manual{R-figpatch,
  title = {figpatch: Easily Arrange External Figures with Patchwork Alongside
'ggplot2' Figures},
  author = {Brady Johnston},
  year = {2022},
  note = {R package version 0.2},
  url = {https://CRAN.R-project.org/package=figpatch},
}
@Manual{R-flextable,
  title = {flextable: Functions for Tabular Reporting},
  author = {David Gohel and Panagiotis Skintzos},
  year = {2023},
  note = {R package version 0.8.6},
  url = {https://CRAN.R-project.org/package=flextable},
}
@Manual{R-ggwordcloud,
  title = {ggwordcloud: A Word Cloud Geom for 'ggplot2'},
  author = {Erwan {Le Pennec} and Kamil Slowikowski},
  year = {2019},
  note = {R package version 0.5.0},
  url = {https://CRAN.R-project.org/package=ggwordcloud},
}
@Manual{R-htmlwidgets,
  title = {htmlwidgets: HTML Widgets for R},
  author = {Ramnath Vaidyanathan and Yihui Xie and JJ Allaire and Joe Cheng and Carson Sievert and Kenton Russell},
  year = {2023},
  note = {R package version 1.6.2},
  url = {https://CRAN.R-project.org/package=htmlwidgets},
}
@Book{R-knitr,
  title = {Dynamic Documents with {R} and knitr},
  author = {Yihui Xie},
  publisher = {Chapman and Hall/CRC},
  address = {Boca Raton, Florida},
  year = {2015},
  edition = {2nd},
  note = {ISBN 978-1498716963},
  url = {https://yihui.org/knitr/},
}
@Manual{R-maps,
  title = {maps: Draw Geographical Maps},
  author = {Original S code by Richard A. Becker and Allan R. Wilks. R version by Ray Brownrigg. Enhancements by Thomas P Minka and Alex Deckmyn.},
  year = {2022},
  note = {R package version 3.4.1},
  url = {https://CRAN.R-project.org/package=maps},
}
@Manual{R-MBESS,
  title = {MBESS: The MBESS R Package},
  author = {Ken Kelley},
  year = {2022},
  note = {R package version 4.9.2},
  url = {https://CRAN.R-project.org/package=MBESS},
}
@Manual{R-MOTE,
  title = {{MOTE: Measure of the Effect}: Package to assist in effect size calculations and their confidence intervals},
  author = {Erin M. Buchanan and Amber Gillenwaters and John E. Scofield and K.D. Valentine},
  year = {2019},
  note = {R package version 1.0.2},
  url = {http://github.com/doomlab/MOTE},
}
@Manual{R-patchwork,
  title = {patchwork: The Composer of Plots},
  author = {Thomas Lin Pedersen},
  year = {2022},
  note = {R package version 1.1.2},
  url = {https://CRAN.R-project.org/package=patchwork},
}
@Article{R-quanteda,
  title = {quanteda: An R package for the quantitative analysis of textual data},
  journal = {Journal of Open Source Software},
  author = {Kenneth Benoit and Kohei Watanabe and Haiyan Wang and Paul Nulty and Adam Obeng and Stefan Müller and Akitaka Matsuo},
  doi = {10.21105/joss.00774},
  url = {https://quanteda.io},
  volume = {3},
  number = {30},
  pages = {774},
  year = {2018},
}
@Article{R-quanteda.textplots,
  title = {quanteda: An R package for the quantitative analysis of textual data},
  journal = {Journal of Open Source Software},
  author = {Kenneth Benoit and Kohei Watanabe and Haiyan Wang and Paul Nulty and Adam Obeng and Stefan Müller and Akitaka Matsuo},
  doi = {10.21105/joss.00774},
  url = {https://quanteda.io},
  volume = {3},
  number = {30},
  pages = {774},
  year = {2018},
}
@Article{R-quanteda.textstats,
  title = {quanteda: An R package for the quantitative analysis of textual data},
  journal = {Journal of Open Source Software},
  author = {Kenneth Benoit and Kohei Watanabe and Haiyan Wang and Paul Nulty and Adam Obeng and Stefan Müller and Akitaka Matsuo},
  doi = {10.21105/joss.00774},
  url = {https://quanteda.io},
  volume = {3},
  number = {30},
  pages = {774},
  year = {2018},
}
@Manual{R-textplot,
  title = {textplot: Text Plots},
  author = {Jan Wijffels},
  year = {2022},
  note = {R package version 0.2.2},
  url = {https://CRAN.R-project.org/package=textplot},
}
@Manual{R-tidyr,
  title = {tidyr: Tidy Messy Data},
  author = {Hadley Wickham and Davis Vaughan and Maximilian Girlich},
  year = {2023},
  note = {R package version 1.3.0},
  url = {https://CRAN.R-project.org/package=tidyr},
}
@Manual{R-treemapify,
  title = {treemapify: Draw Treemaps in 'ggplot2'},
  author = {David Wilkins},
  year = {2021},
  note = {R package version 2.5.5},
  url = {https://CRAN.R-project.org/package=treemapify},
}
@Manual{R-webshot,
  title = {webshot: Take Screenshots of Web Pages},
  author = {Winston Chang},
  year = {2022},
  note = {R package version 0.5.4},
  url = {https://CRAN.R-project.org/package=webshot},
}
@Manual{R-wordcloud2,
  title = {wordcloud2: Create Word Cloud by 'htmlwidget'},
  author = {Dawei Lang and Guan-tin Chien},
  year = {2018},
  note = {R package version 0.2.1},
  url = {https://CRAN.R-project.org/package=wordcloud2},
}
@Book{R-MASS,
  title = {Modern Applied Statistics with S},
  author = {W. N. Venables and B. D. Ripley},
  publisher = {Springer},
  edition = {Fourth},
  address = {New York},
  year = {2002},
  note = {ISBN 0-387-95457-0},
  url = {https://www.stats.ox.ac.uk/pub/MASS4/},
}
@Manual{R-MuMIn,
  title = {MuMIn: Multi-Model Inference},
  author = {Kamil Bartoń},
  year = {2022},
  note = {R package version 1.47.1},
  url = {https://CRAN.R-project.org/package=MuMIn},
}
@Manual{R-ppcor,
  title = {ppcor: Partial and Semi-Partial (Part) Correlation},
  author = {Seongho Kim},
  year = {2015},
  note = {R package version 1.1},
  url = {https://CRAN.R-project.org/package=ppcor},
}
